<record><leader>00000cas a22000007a 4500</leader><controlfield tag="001">12429947</controlfield><controlfield tag="008">850827d19061923iaudn ne      0    0eng d</controlfield><controlfield tag="009">5087</controlfield><datafield ind1=" " ind2=" " tag="010"><subfield code="a">sn 85050942 </subfield></datafield><datafield ind1=" " ind2=" " tag="040"><subfield code="a">INP</subfield><subfield code="b">eng</subfield><subfield code="c">INP</subfield><subfield code="d">DLC</subfield><subfield code="d">INP</subfield><subfield code="d">CNK</subfield></datafield><datafield ind1=" " ind2=" " tag="042"><subfield code="a">msc</subfield></datafield><datafield ind1="0" ind2=" " tag="130"><subfield code="a">Boone news-Republican (Boone, Iowa : 1906 : Daily)</subfield></datafield><datafield ind1="0" ind2="0" tag="245"><subfield code="a">Boone news-Republican</subfield></datafield><datafield ind1="1" ind2="0" tag="246"><subfield code="a">Boone news Republican</subfield></datafield><datafield ind1="1" ind2="3" tag="246"><subfield code="a">Boone daily news-Republican</subfield><subfield code="f">Oct. 1-13, 1906</subfield></datafield><datafield ind1="1" ind2="3" tag="246"><subfield code="a">Boone daily news and evening Republican</subfield><subfield code="f">Oct. 15, 1906-Jan. 5, 1907</subfield></datafield><datafield ind1=" " ind2=" " tag="260"><subfield code="a">Boone, Iowa :</subfield><subfield code="b">S.G. Goldthwaite,</subfield><subfield code="c">1906-1923.</subfield></datafield><datafield ind1=" " ind2=" " tag="300"><subfield code="a">18 v. :</subfield><subfield code="b">ill. ;</subfield><subfield code="c">52-56 cm.</subfield></datafield><datafield ind1=" " ind2=" " tag="310"><subfield code="a">Daily (except Sunday)</subfield></datafield><datafield ind1="0" ind2=" " tag="362"><subfield code="a">Vol. 18, no. 231 (Oct. 1, 1906)-v. 35, no. 154 (June 30, 1923).</subfield></datafield><datafield ind1=" " ind2=" " tag="500"><subfield code="a">Official paper of Boone County.</subfield></datafield><datafield ind1=" " ind2=" " tag="515"><subfield code="a">Vol. 18, no. 243 misnumbered no. 143.</subfield></datafield><datafield ind1=" " ind2=" " tag="515"><subfield code="a">Issues for Oct. 24, 1906-June 30, 1923, called also N.-R. v. 1, no. 21-N.-R. v. 17, no. 230.</subfield></datafield><datafield ind1=" " ind2=" " tag="500"><subfield code="a">Originally edited by: S.G. Goldthwaite.</subfield></datafield><datafield ind1=" " ind2=" " tag="752"><subfield code="a">United States</subfield><subfield code="b">Iowa</subfield><subfield code="c">Boone</subfield><subfield code="d">Boone.</subfield></datafield><datafield ind1="0" ind2=" " tag="775"><subfield code="t">Boone news-Republican (Boone, Iowa : 1906 : Weekly)</subfield><subfield code="w">(DLC)sn 85050941</subfield><subfield code="g">1906-Oct. 14, 1920</subfield></datafield><datafield ind1="0" ind2="4" tag="780"><subfield code="t">Boone daily news</subfield><subfield code="w">(DLC)sn 85050911</subfield></datafield><datafield ind1="0" ind2="4" tag="780"><subfield code="t">Evening Republican (Boone, Iowa)</subfield><subfield code="w">(DLC)sn 85049566</subfield></datafield><datafield ind1="0" ind2="7" tag="785"><subfield code="t">Boone County pioneer (Boone, Iowa)</subfield><subfield code="w">(DLC)sn 85049565</subfield></datafield><datafield ind1="0" ind2="7" tag="785"><subfield code="t">Boone news-Republican and pioneer</subfield><subfield code="w">(DLC)sn 85050901</subfield></datafield></record>